%% This BibTeX bibliography file was created using BibDesk.
%% http://bibdesk.sourceforge.net/


%% Created for Juste Raimbault at 2016-05-01 20:46:06 +0200 


%% Saved with string encoding Occidental (ISO Latin 1) 



@article{pel2012review,
	Author = {Pel, Adam J and Bliemer, Michiel CJ and Hoogendoorn, Serge P},
	Date-Added = {2016-05-01 18:45:56 +0000},
	Date-Modified = {2016-05-01 18:45:56 +0000},
	Journal = {Transportation},
	Number = {1},
	Pages = {97--123},
	Publisher = {Springer},
	Title = {A review on travel behaviour modelling in dynamic traffic simulation models for evacuations},
	Volume = {39},
	Year = {2012},
	Bdsk-File-1 = {YnBsaXN0MDDUAQIDBAUGJCVYJHZlcnNpb25YJG9iamVjdHNZJGFyY2hpdmVyVCR0b3ASAAGGoKgHCBMUFRYaIVUkbnVsbNMJCgsMDxJXTlMua2V5c1pOUy5vYmplY3RzViRjbGFzc6INDoACgAOiEBGABIAFgAdccmVsYXRpdmVQYXRoWWFsaWFzRGF0YV8QOURvY3MvVHJhdmVsQmVoYXZpb3JfYXJ0JTNBMTAuMTAwNyUyRnMxMTExNi0wMTEtOTMyMC02LnBkZtIXCxgZV05TLmRhdGFPEQJ4AAAAAAJ4AAIAAAxNYWNpbnRvc2ggSEQAAAAAAAAAAAAAAAAAAADKQQYMSCsAAAJV1kwfVHJhdmVsQmVoYXZpb3JfYXJ0JSM0MTRFMTExLnBkZgAAAAAAAAAAAAAAAAAAAAAAAAAAAAAAAAAAAAAAAAAABBThEdLmhMEAAAAAAAAAAAABAAMAAAkgAAAAAAAAAAAAAAAAAAAABERvY3MAEAAIAADKQOnsAAAAEQAIAADS5naxAAAAAQAcAlXWTAJV1ksCVdZKAJDCKQAFAhUABQIUAAC+7AACAH5NYWNpbnRvc2ggSEQ6VXNlcnM6AEp1c3RlOgBEb2N1bWVudHM6AENvbXBsZXhTeXN0ZW1zOgBUcmFuc3BvcnRhdGlvbkVxdWlsaWJyaXVtOgBCaWJsaW86AERvY3M6AFRyYXZlbEJlaGF2aW9yX2FydCUjNDE0RTExMS5wZGYADgBqADQAVAByAGEAdgBlAGwAQgBlAGgAYQB2AGkAbwByAF8AYQByAHQAJQAzAEEAMQAwAC4AMQAwADAANwAlADIARgBzADEAMQAxADEANgAtADAAMQAxAC0AOQAzADIAMAAtADYALgBwAGQAZgAPABoADABNAGEAYwBpAG4AdABvAHMAaAAgAEgARAASAH9Vc2Vycy9KdXN0ZS9Eb2N1bWVudHMvQ29tcGxleFN5c3RlbXMvVHJhbnNwb3J0YXRpb25FcXVpbGlicml1bS9CaWJsaW8vRG9jcy9UcmF2ZWxCZWhhdmlvcl9hcnQlM0ExMC4xMDA3JTJGczExMTE2LTAxMS05MzIwLTYucGRmAAATAAEvAAAVAAIADP//AACABtIbHB0eWiRjbGFzc25hbWVYJGNsYXNzZXNdTlNNdXRhYmxlRGF0YaMdHyBWTlNEYXRhWE5TT2JqZWN00hscIiNcTlNEaWN0aW9uYXJ5oiIgXxAPTlNLZXllZEFyY2hpdmVy0SYnVHJvb3SAAQAIABEAGgAjAC0AMgA3AEAARgBNAFUAYABnAGoAbABuAHEAcwB1AHcAhACOAMoAzwDXA1MDVQNaA2UDbgN8A4ADhwOQA5UDogOlA7cDugO/AAAAAAAAAgEAAAAAAAAAKAAAAAAAAAAAAAAAAAAAA8E=}}

@article{sheffi1981comparison,
	Author = {Sheffi, Yosef and Powell, Warren},
	Date-Added = {2016-05-01 18:45:03 +0000},
	Date-Modified = {2016-05-01 18:45:03 +0000},
	Journal = {Transportation Research Part B: Methodological},
	Number = {1},
	Pages = {53--64},
	Publisher = {Elsevier},
	Title = {A comparison of stochastic and deterministic traffic assignment over congested networks},
	Volume = {15},
	Year = {1981},
	Bdsk-File-1 = {YnBsaXN0MDDUAQIDBAUGJCVYJHZlcnNpb25YJG9iamVjdHNZJGFyY2hpdmVyVCR0b3ASAAGGoKgHCBMUFRYaIVUkbnVsbNMJCgsMDxJXTlMua2V5c1pOUy5vYmplY3RzViRjbGFzc6INDoACgAOiEBGABIAFgAdccmVsYXRpdmVQYXRoWWFsaWFzRGF0YV8QOERvY3MvVHJhZmZpY0Fzc2lnbmVtZW50XzEtczIuMC0wMTkxMjYxNTgxOTAwNDYxLW1haW4ucGRm0hcLGBlXTlMuZGF0YU8RAnQAAAAAAnQAAgAADE1hY2ludG9zaCBIRAAAAAAAAAAAAAAAAAAAAMpBBgxIKwAAAlXWTB9UcmFmZmljQXNzaWduZW1lbnRfIzQxNEUxNjEucGRmAAAAAAAAAAAAAAAAAAAAAAAAAAAAAAAAAAAAAAAAAAAEFOFh0uaE6gAAAAAAAAAAAAEAAwAACSAAAAAAAAAAAAAAAAAAAAAERG9jcwAQAAgAAMpA6ewAAAARAAgAANLmdtoAAAABABwCVdZMAlXWSwJV1koAkMIpAAUCFQAFAhQAAL7sAAIAfk1hY2ludG9zaCBIRDpVc2VyczoASnVzdGU6AERvY3VtZW50czoAQ29tcGxleFN5c3RlbXM6AFRyYW5zcG9ydGF0aW9uRXF1aWxpYnJpdW06AEJpYmxpbzoARG9jczoAVHJhZmZpY0Fzc2lnbmVtZW50XyM0MTRFMTYxLnBkZgAOAGgAMwBUAHIAYQBmAGYAaQBjAEEAcwBzAGkAZwBuAGUAbQBlAG4AdABfADEALQBzADIALgAwAC0AMAAxADkAMQAyADYAMQA1ADgAMQA5ADAAMAA0ADYAMQAtAG0AYQBpAG4ALgBwAGQAZgAPABoADABNAGEAYwBpAG4AdABvAHMAaAAgAEgARAASAH5Vc2Vycy9KdXN0ZS9Eb2N1bWVudHMvQ29tcGxleFN5c3RlbXMvVHJhbnNwb3J0YXRpb25FcXVpbGlicml1bS9CaWJsaW8vRG9jcy9UcmFmZmljQXNzaWduZW1lbnRfMS1zMi4wLTAxOTEyNjE1ODE5MDA0NjEtbWFpbi5wZGYAEwABLwAAFQACAAz//wAAgAbSGxwdHlokY2xhc3NuYW1lWCRjbGFzc2VzXU5TTXV0YWJsZURhdGGjHR8gVk5TRGF0YVhOU09iamVjdNIbHCIjXE5TRGljdGlvbmFyeaIiIF8QD05TS2V5ZWRBcmNoaXZlctEmJ1Ryb290gAEACAARABoAIwAtADIANwBAAEYATQBVAGAAZwBqAGwAbgBxAHMAdQB3AIQAjgDJAM4A1gNOA1ADVQNgA2kDdwN7A4IDiwOQA50DoAOyA7UDugAAAAAAAAIBAAAAAAAAACgAAAAAAAAAAAAAAAAAAAO8}}

@article{peeta2001foundations,
	Author = {Peeta, Srinivas and Ziliaskopoulos, Athanasios K},
	Date-Added = {2016-05-01 18:43:47 +0000},
	Date-Modified = {2016-05-01 18:43:47 +0000},
	Journal = {Networks and Spatial Economics},
	Number = {3-4},
	Pages = {233--265},
	Publisher = {Springer},
	Title = {Foundations of dynamic traffic assignment: The past, the present and the future},
	Volume = {1},
	Year = {2001},
	Bdsk-File-1 = {YnBsaXN0MDDUAQIDBAUGJCVYJHZlcnNpb25YJG9iamVjdHNZJGFyY2hpdmVyVCR0b3ASAAGGoKgHCBMUFRYaIVUkbnVsbNMJCgsMDxJXTlMua2V5c1pOUy5vYmplY3RzViRjbGFzc6INDoACgAOiEBGABIAFgAdccmVsYXRpdmVQYXRoWWFsaWFzRGF0YV8QEkRvY3MvcGVldGEyMDAxLnBkZtIXCxgZV05TLmRhdGFPEQHwAAAAAAHwAAIAAAxNYWNpbnRvc2ggSEQAAAAAAAAAAAAAAAAAAADKQQYMSCsAAAJV1kwNcGVldGEyMDAxLnBkZgAAAAAAAAAAAAAAAAAAAAAAAAAAAAAAAAAAAAAAAAAAAAAAAAAAAAAAAAAAAAAAAAAABBTgwNLmhJEAAAAAAAAAAAABAAMAAAkgAAAAAAAAAAAAAAAAAAAABERvY3MAEAAIAADKQOnsAAAAEQAIAADS5naBAAAAAQAcAlXWTAJV1ksCVdZKAJDCKQAFAhUABQIUAAC+7AACAGxNYWNpbnRvc2ggSEQ6VXNlcnM6AEp1c3RlOgBEb2N1bWVudHM6AENvbXBsZXhTeXN0ZW1zOgBUcmFuc3BvcnRhdGlvbkVxdWlsaWJyaXVtOgBCaWJsaW86AERvY3M6AHBlZXRhMjAwMS5wZGYADgAcAA0AcABlAGUAdABhADIAMAAwADEALgBwAGQAZgAPABoADABNAGEAYwBpAG4AdABvAHMAaAAgAEgARAASAFhVc2Vycy9KdXN0ZS9Eb2N1bWVudHMvQ29tcGxleFN5c3RlbXMvVHJhbnNwb3J0YXRpb25FcXVpbGlicml1bS9CaWJsaW8vRG9jcy9wZWV0YTIwMDEucGRmABMAAS8AABUAAgAM//8AAIAG0hscHR5aJGNsYXNzbmFtZVgkY2xhc3Nlc11OU011dGFibGVEYXRhox0fIFZOU0RhdGFYTlNPYmplY3TSGxwiI1xOU0RpY3Rpb25hcnmiIiBfEA9OU0tleWVkQXJjaGl2ZXLRJidUcm9vdIABAAgAEQAaACMALQAyADcAQABGAE0AVQBgAGcAagBsAG4AcQBzAHUAdwCEAI4AowCoALACpAKmAqsCtgK/As0C0QLYAuEC5gLzAvYDCAMLAxAAAAAAAAACAQAAAAAAAAAoAAAAAAAAAAAAAAAAAAADEg==}}

@article{leduc2008road,
	Author = {Leduc, Guillaume},
	Date-Added = {2016-05-01 18:42:52 +0000},
	Date-Modified = {2016-05-01 18:42:52 +0000},
	Journal = {Working Papers on Energy, Transport and Climate Change},
	Number = {55},
	Title = {Road traffic data: Collection methods and applications},
	Volume = {1},
	Year = {2008},
	Bdsk-File-1 = {YnBsaXN0MDDUAQIDBAUGJCVYJHZlcnNpb25YJG9iamVjdHNZJGFyY2hpdmVyVCR0b3ASAAGGoKgHCBMUFRYaIVUkbnVsbNMJCgsMDxJXTlMua2V5c1pOUy5vYmplY3RzViRjbGFzc6INDoACgAOiEBGABIAFgAdccmVsYXRpdmVQYXRoWWFsaWFzRGF0YV8QFERvY3MvSlJDNDc5NjcuVE4ucGRm0hcLGBlXTlMuZGF0YU8RAfgAAAAAAfgAAgAADE1hY2ludG9zaCBIRAAAAAAAAAAAAAAAAAAAAMpBBgxIKwAAAlXWTA9KUkM0Nzk2Ny5UTi5wZGYAAAAAAAAAAAAAAAAAAAAAAAAAAAAAAAAAAAAAAAAAAAAAAAAAAAAAAAAAAAAAAAAChy3N0Y41hgAAAAAAAAAAAAEAAwAACSAAAAAAAAAAAAAAAAAAAAAERG9jcwAQAAgAAMpA6ewAAAARAAgAANGOGWYAAAABABwCVdZMAlXWSwJV1koAkMIpAAUCFQAFAhQAAL7sAAIAbk1hY2ludG9zaCBIRDpVc2VyczoASnVzdGU6AERvY3VtZW50czoAQ29tcGxleFN5c3RlbXM6AFRyYW5zcG9ydGF0aW9uRXF1aWxpYnJpdW06AEJpYmxpbzoARG9jczoASlJDNDc5NjcuVE4ucGRmAA4AIAAPAEoAUgBDADQANwA5ADYANwAuAFQATgAuAHAAZABmAA8AGgAMAE0AYQBjAGkAbgB0AG8AcwBoACAASABEABIAWlVzZXJzL0p1c3RlL0RvY3VtZW50cy9Db21wbGV4U3lzdGVtcy9UcmFuc3BvcnRhdGlvbkVxdWlsaWJyaXVtL0JpYmxpby9Eb2NzL0pSQzQ3OTY3LlROLnBkZgATAAEvAAAVAAIADP//AACABtIbHB0eWiRjbGFzc25hbWVYJGNsYXNzZXNdTlNNdXRhYmxlRGF0YaMdHyBWTlNEYXRhWE5TT2JqZWN00hscIiNcTlNEaWN0aW9uYXJ5oiIgXxAPTlNLZXllZEFyY2hpdmVy0SYnVHJvb3SAAQAIABEAGgAjAC0AMgA3AEAARgBNAFUAYABnAGoAbABuAHEAcwB1AHcAhACOAKUAqgCyAq4CsAK1AsACyQLXAtsC4gLrAvAC/QMAAxIDFQMaAAAAAAAAAgEAAAAAAAAAKAAAAAAAAAAAAAAAAAAAAxw=}}

@article{leurent2014user,
	Author = {Leurent, Fabien and Boujnah, Houda},
	Date-Added = {2016-05-01 18:41:53 +0000},
	Date-Modified = {2016-05-01 18:41:53 +0000},
	Journal = {Transportation Research Part C: Emerging Technologies},
	Pages = {28--46},
	Publisher = {Elsevier},
	Title = {A user equilibrium, traffic assignment model of network route and parking lot choice, with search circuits and cruising flows},
	Volume = {47},
	Year = {2014},
	Bdsk-File-1 = {YnBsaXN0MDDUAQIDBAUGJCVYJHZlcnNpb25YJG9iamVjdHNZJGFyY2hpdmVyVCR0b3ASAAGGoKgHCBMUFRYaIVUkbnVsbNMJCgsMDxJXTlMua2V5c1pOUy5vYmplY3RzViRjbGFzc6INDoACgAOiEBGABIAFgAdccmVsYXRpdmVQYXRoWWFsaWFzRGF0YV8QNURvY3MvTGV1cmVudEJvdWpuYWhfMS1zMi4wLVMwOTY4MDkwWDE0MDAyMTYyLW1haW4ucGRm0hcLGBlXTlMuZGF0YU8RAmwAAAAAAmwAAgAADE1hY2ludG9zaCBIRAAAAAAAAAAAAAAAAAAAAMpBBgxIKwAAAlXWTB9MZXVyZW50Qm91am5haF8xLXMyIzQxNEUwRUYucGRmAAAAAAAAAAAAAAAAAAAAAAAAAAAAAAAAAAAAAAAAAAAEFODv0uaEqAAAAAAAAAAAAAEAAwAACSAAAAAAAAAAAAAAAAAAAAAERG9jcwAQAAgAAMpA6ewAAAARAAgAANLmdpgAAAABABwCVdZMAlXWSwJV1koAkMIpAAUCFQAFAhQAAL7sAAIAfk1hY2ludG9zaCBIRDpVc2VyczoASnVzdGU6AERvY3VtZW50czoAQ29tcGxleFN5c3RlbXM6AFRyYW5zcG9ydGF0aW9uRXF1aWxpYnJpdW06AEJpYmxpbzoARG9jczoATGV1cmVudEJvdWpuYWhfMS1zMiM0MTRFMEVGLnBkZgAOAGIAMABMAGUAdQByAGUAbgB0AEIAbwB1AGoAbgBhAGgAXwAxAC0AcwAyAC4AMAAtAFMAMAA5ADYAOAAwADkAMABYADEANAAwADAAMgAxADYAMgAtAG0AYQBpAG4ALgBwAGQAZgAPABoADABNAGEAYwBpAG4AdABvAHMAaAAgAEgARAASAHtVc2Vycy9KdXN0ZS9Eb2N1bWVudHMvQ29tcGxleFN5c3RlbXMvVHJhbnNwb3J0YXRpb25FcXVpbGlicml1bS9CaWJsaW8vRG9jcy9MZXVyZW50Qm91am5haF8xLXMyLjAtUzA5NjgwOTBYMTQwMDIxNjItbWFpbi5wZGYAABMAAS8AABUAAgAM//8AAIAG0hscHR5aJGNsYXNzbmFtZVgkY2xhc3Nlc11OU011dGFibGVEYXRhox0fIFZOU0RhdGFYTlNPYmplY3TSGxwiI1xOU0RpY3Rpb25hcnmiIiBfEA9OU0tleWVkQXJjaGl2ZXLRJidUcm9vdIABAAgAEQAaACMALQAyADcAQABGAE0AVQBgAGcAagBsAG4AcQBzAHUAdwCEAI4AxgDLANMDQwNFA0oDVQNeA2wDcAN3A4ADhQOSA5UDpwOqA68AAAAAAAACAQAAAAAAAAAoAAAAAAAAAAAAAAAAAAADsQ==}}

@article{han2003dynamic,
	Author = {Han, Sangjin},
	Date-Added = {2016-05-01 18:40:46 +0000},
	Date-Modified = {2016-05-01 18:40:46 +0000},
	Journal = {Transportation Research Part B: Methodological},
	Number = {3},
	Pages = {225--249},
	Publisher = {Elsevier},
	Title = {Dynamic traffic modelling and dynamic stochastic user equilibrium assignment for general road networks},
	Volume = {37},
	Year = {2003},
	Bdsk-File-1 = {YnBsaXN0MDDUAQIDBAUGJCVYJHZlcnNpb25YJG9iamVjdHNZJGFyY2hpdmVyVCR0b3ASAAGGoKgHCBMUFRYaIVUkbnVsbNMJCgsMDxJXTlMua2V5c1pOUy5vYmplY3RzViRjbGFzc6INDoACgAOiEBGABIAFgAdccmVsYXRpdmVQYXRoWWFsaWFzRGF0YV8QPURvY3MvRHluYW1pY1VzZXJFcXVpbGlicml1bV8xLXMyLjAtUzAxOTEyNjE1MDIwMDAwOTctbWFpbi5wZGbSFwsYGVdOUy5kYXRhTxEChAAAAAAChAACAAAMTWFjaW50b3NoIEhEAAAAAAAAAAAAAAAAAAAAykEGDEgrAAACVdZMH0R5bmFtaWNVc2VyRXF1aWxpYnIjNDE0RTEzNS5wZGYAAAAAAAAAAAAAAAAAAAAAAAAAAAAAAAAAAAAAAAAAAAQU4TXS5oTWAAAAAAAAAAAAAQADAAAJIAAAAAAAAAAAAAAAAAAAAAREb2NzABAACAAAykDp7AAAABEACAAA0uZ2xgAAAAEAHAJV1kwCVdZLAlXWSgCQwikABQIVAAUCFAAAvuwAAgB+TWFjaW50b3NoIEhEOlVzZXJzOgBKdXN0ZToARG9jdW1lbnRzOgBDb21wbGV4U3lzdGVtczoAVHJhbnNwb3J0YXRpb25FcXVpbGlicml1bToAQmlibGlvOgBEb2NzOgBEeW5hbWljVXNlckVxdWlsaWJyIzQxNEUxMzUucGRmAA4AcgA4AEQAeQBuAGEAbQBpAGMAVQBzAGUAcgBFAHEAdQBpAGwAaQBiAHIAaQB1AG0AXwAxAC0AcwAyAC4AMAAtAFMAMAAxADkAMQAyADYAMQA1ADAAMgAwADAAMAAwADkANwAtAG0AYQBpAG4ALgBwAGQAZgAPABoADABNAGEAYwBpAG4AdABvAHMAaAAgAEgARAASAINVc2Vycy9KdXN0ZS9Eb2N1bWVudHMvQ29tcGxleFN5c3RlbXMvVHJhbnNwb3J0YXRpb25FcXVpbGlicml1bS9CaWJsaW8vRG9jcy9EeW5hbWljVXNlckVxdWlsaWJyaXVtXzEtczIuMC1TMDE5MTI2MTUwMjAwMDA5Ny1tYWluLnBkZgAAEwABLwAAFQACAAz//wAAgAbSGxwdHlokY2xhc3NuYW1lWCRjbGFzc2VzXU5TTXV0YWJsZURhdGGjHR8gVk5TRGF0YVhOU09iamVjdNIbHCIjXE5TRGljdGlvbmFyeaIiIF8QD05TS2V5ZWRBcmNoaXZlctEmJ1Ryb290gAEACAARABoAIwAtADIANwBAAEYATQBVAGAAZwBqAGwAbgBxAHMAdQB3AIQAjgDOANMA2wNjA2UDagN1A34DjAOQA5cDoAOlA7IDtQPHA8oDzwAAAAAAAAIBAAAAAAAAACgAAAAAAAAAAAAAAAAAAAPR}}

@article{bell2002risk,
	Author = {Bell, Michael GH and Cassir, Chris},
	Date-Added = {2016-05-01 18:34:09 +0000},
	Date-Modified = {2016-05-01 18:34:09 +0000},
	Journal = {Transportation Research Part B: Methodological},
	Number = {8},
	Pages = {671--681},
	Publisher = {Elsevier},
	Title = {Risk-averse user equilibrium traffic assignment: an application of game theory},
	Volume = {36},
	Year = {2002},
	Bdsk-File-1 = {YnBsaXN0MDDUAQIDBAUGJCVYJHZlcnNpb25YJG9iamVjdHNZJGFyY2hpdmVyVCR0b3ASAAGGoKgHCBMUFRYaIVUkbnVsbNMJCgsMDxJXTlMua2V5c1pOUy5vYmplY3RzViRjbGFzc6INDoACgAOiEBGABIAFgAdccmVsYXRpdmVQYXRoWWFsaWFzRGF0YV8QNERvY3MvUmlza0F2ZXJzZVVFQV8xLXMyLjAtUzAxOTEyNjE1MDEwMDAyMjQtbWFpbi5wZGbSFwsYGVdOUy5kYXRhTxECaAAAAAACaAACAAAMTWFjaW50b3NoIEhEAAAAAAAAAAAAAAAAAAAAykEGDEgrAAACVdZMH1Jpc2tBdmVyc2VVRUFfMS1zMi4jNDM2MjIyRS5wZGYAAAAAAAAAAAAAAAAAAAAAAAAAAAAAAAAAAAAAAAAAAAQ2Ii7TTBipAAAAAAAAAAAAAQADAAAJIAAAAAAAAAAAAAAAAAAAAAREb2NzABAACAAAykDp7AAAABEACAAA00v8iQAAAAEAHAJV1kwCVdZLAlXWSgCQwikABQIVAAUCFAAAvuwAAgB+TWFjaW50b3NoIEhEOlVzZXJzOgBKdXN0ZToARG9jdW1lbnRzOgBDb21wbGV4U3lzdGVtczoAVHJhbnNwb3J0YXRpb25FcXVpbGlicml1bToAQmlibGlvOgBEb2NzOgBSaXNrQXZlcnNlVUVBXzEtczIuIzQzNjIyMkUucGRmAA4AYAAvAFIAaQBzAGsAQQB2AGUAcgBzAGUAVQBFAEEAXwAxAC0AcwAyAC4AMAAtAFMAMAAxADkAMQAyADYAMQA1ADAAMQAwADAAMAAyADIANAAtAG0AYQBpAG4ALgBwAGQAZgAPABoADABNAGEAYwBpAG4AdABvAHMAaAAgAEgARAASAHpVc2Vycy9KdXN0ZS9Eb2N1bWVudHMvQ29tcGxleFN5c3RlbXMvVHJhbnNwb3J0YXRpb25FcXVpbGlicml1bS9CaWJsaW8vRG9jcy9SaXNrQXZlcnNlVUVBXzEtczIuMC1TMDE5MTI2MTUwMTAwMDIyNC1tYWluLnBkZgATAAEvAAAVAAIADP//AACABtIbHB0eWiRjbGFzc25hbWVYJGNsYXNzZXNdTlNNdXRhYmxlRGF0YaMdHyBWTlNEYXRhWE5TT2JqZWN00hscIiNcTlNEaWN0aW9uYXJ5oiIgXxAPTlNLZXllZEFyY2hpdmVy0SYnVHJvb3SAAQAIABEAGgAjAC0AMgA3AEAARgBNAFUAYABnAGoAbABuAHEAcwB1AHcAhACOAMUAygDSAz4DQANFA1ADWQNnA2sDcgN7A4ADjQOQA6IDpQOqAAAAAAAAAgEAAAAAAAAAKAAAAAAAAAAAAAAAAAAAA6w=}}

@inproceedings{schulz2003performance,
	Author = {Schulz, Andreas S and Moses, NS},
	Booktitle = {Proceedings of the 14th Annual ACM-SIAM Symposium on Discrete Algorithms (SODA)},
	Date-Added = {2016-05-01 18:32:24 +0000},
	Date-Modified = {2016-05-01 18:32:24 +0000},
	Pages = {86--87},
	Title = {On the performance of user equilibria in traffic networks},
	Year = {2003},
	Bdsk-File-1 = {YnBsaXN0MDDUAQIDBAUGJCVYJHZlcnNpb25YJG9iamVjdHNZJGFyY2hpdmVyVCR0b3ASAAGGoKgHCBMUFRYaIVUkbnVsbNMJCgsMDxJXTlMua2V5c1pOUy5vYmplY3RzViRjbGFzc6INDoACgAOiEBGABIAFgAdccmVsYXRpdmVQYXRoWWFsaWFzRGF0YV8QD0RvY3MvU3RpZXIxLnBkZtIXCxgZV05TLmRhdGFPEQHmAAAAAAHmAAIAAAxNYWNpbnRvc2ggSEQAAAAAAAAAAAAAAAAAAADKQQYMSCsAAAJV1kwKU3RpZXIxLnBkZgAAAAAAAAAAAAAAAAAAAAAAAAAAAAAAAAAAAAAAAAAAAAAAAAAAAAAAAAAAAAAAAAAAAAAABDYgSNNMGD4AAAAAAAAAAAABAAMAAAkgAAAAAAAAAAAAAAAAAAAABERvY3MAEAAIAADKQOnsAAAAEQAIAADTS/weAAAAAQAcAlXWTAJV1ksCVdZKAJDCKQAFAhUABQIUAAC+7AACAGlNYWNpbnRvc2ggSEQ6VXNlcnM6AEp1c3RlOgBEb2N1bWVudHM6AENvbXBsZXhTeXN0ZW1zOgBUcmFuc3BvcnRhdGlvbkVxdWlsaWJyaXVtOgBCaWJsaW86AERvY3M6AFN0aWVyMS5wZGYAAA4AFgAKAFMAdABpAGUAcgAxAC4AcABkAGYADwAaAAwATQBhAGMAaQBuAHQAbwBzAGgAIABIAEQAEgBVVXNlcnMvSnVzdGUvRG9jdW1lbnRzL0NvbXBsZXhTeXN0ZW1zL1RyYW5zcG9ydGF0aW9uRXF1aWxpYnJpdW0vQmlibGlvL0RvY3MvU3RpZXIxLnBkZgAAEwABLwAAFQACAAz//wAAgAbSGxwdHlokY2xhc3NuYW1lWCRjbGFzc2VzXU5TTXV0YWJsZURhdGGjHR8gVk5TRGF0YVhOU09iamVjdNIbHCIjXE5TRGljdGlvbmFyeaIiIF8QD05TS2V5ZWRBcmNoaXZlctEmJ1Ryb290gAEACAARABoAIwAtADIANwBAAEYATQBVAGAAZwBqAGwAbgBxAHMAdQB3AIQAjgCgAKUArQKXApkCngKpArICwALEAssC1ALZAuYC6QL7Av4DAwAAAAAAAAIBAAAAAAAAACgAAAAAAAAAAAAAAAAAAAMF}}

@article{zhang2013dynamic,
	Author = {Zhang, Kuilin and Mahmassani, Hani S and Lu, Chung-Cheng},
	Date-Added = {2016-05-01 16:09:29 +0000},
	Date-Modified = {2016-05-01 16:09:29 +0000},
	Journal = {Transportation Research Part C: Emerging Technologies},
	Pages = {189--204},
	Publisher = {Elsevier},
	Title = {Dynamic pricing, heterogeneous users and perception error: Probit-based bi-criterion dynamic stochastic user equilibrium assignment},
	Volume = {27},
	Year = {2013},
	Bdsk-File-1 = {YnBsaXN0MDDUAQIDBAUGJCVYJHZlcnNpb25YJG9iamVjdHNZJGFyY2hpdmVyVCR0b3ASAAGGoKgHCBMUFRYaIVUkbnVsbNMJCgsMDxJXTlMua2V5c1pOUy5vYmplY3RzViRjbGFzc6INDoACgAOiEBGABIAFgAdccmVsYXRpdmVQYXRoWWFsaWFzRGF0YV8QNkRvY3MvQmlvYmplY3RpdmVEU1VFXzEtczIuMC1TMDk2ODA5MFgxMjAwMDc1Ny1tYWluLnBkZtIXCxgZV05TLmRhdGFPEQJuAAAAAAJuAAIAAAxNYWNpbnRvc2ggSEQAAAAAAAAAAAAAAAAAAADKQQYMSCsAAAJV1kwfQmlvYmplY3RpdmVEU1VFXzEtcyM0MzVGNkI2LnBkZgAAAAAAAAAAAAAAAAAAAAAAAAAAAAAAAAAAAAAAAAAABDX2ttNL9lwAAAAAAAAAAAABAAMAAAkgAAAAAAAAAAAAAAAAAAAABERvY3MAEAAIAADKQOnsAAAAEQAIAADTS9o8AAAAAQAcAlXWTAJV1ksCVdZKAJDCKQAFAhUABQIUAAC+7AACAH5NYWNpbnRvc2ggSEQ6VXNlcnM6AEp1c3RlOgBEb2N1bWVudHM6AENvbXBsZXhTeXN0ZW1zOgBUcmFuc3BvcnRhdGlvbkVxdWlsaWJyaXVtOgBCaWJsaW86AERvY3M6AEJpb2JqZWN0aXZlRFNVRV8xLXMjNDM1RjZCNi5wZGYADgBkADEAQgBpAG8AYgBqAGUAYwB0AGkAdgBlAEQAUwBVAEUAXwAxAC0AcwAyAC4AMAAtAFMAMAA5ADYAOAAwADkAMABYADEAMgAwADAAMAA3ADUANwAtAG0AYQBpAG4ALgBwAGQAZgAPABoADABNAGEAYwBpAG4AdABvAHMAaAAgAEgARAASAHxVc2Vycy9KdXN0ZS9Eb2N1bWVudHMvQ29tcGxleFN5c3RlbXMvVHJhbnNwb3J0YXRpb25FcXVpbGlicml1bS9CaWJsaW8vRG9jcy9CaW9iamVjdGl2ZURTVUVfMS1zMi4wLVMwOTY4MDkwWDEyMDAwNzU3LW1haW4ucGRmABMAAS8AABUAAgAM//8AAIAG0hscHR5aJGNsYXNzbmFtZVgkY2xhc3Nlc11OU011dGFibGVEYXRhox0fIFZOU0RhdGFYTlNPYmplY3TSGxwiI1xOU0RpY3Rpb25hcnmiIiBfEA9OU0tleWVkQXJjaGl2ZXLRJidUcm9vdIABAAgAEQAaACMALQAyADcAQABGAE0AVQBgAGcAagBsAG4AcQBzAHUAdwCEAI4AxwDMANQDRgNIA00DWANhA28DcwN6A4MDiAOVA5gDqgOtA7IAAAAAAAACAQAAAAAAAAAoAAAAAAAAAAAAAAAAAAADtA==}}

@manual{shiny,
	Author = {Winston Chang and Joe Cheng and JJ Allaire and Yihui Xie and Jonathan McPherson},
	Date-Added = {2016-02-15 15:05:05 +0000},
	Date-Modified = {2016-02-15 15:05:16 +0000},
	Note = {R package version 0.13.0},
	Title = {shiny: Web Application Framework for R},
	Url = {https://CRAN.R-project.org/package=shiny},
	Year = {2016},
	Bdsk-Url-1 = {https://CRAN.R-project.org/package=shiny}}

@article{2016arXiv160107713T,
	Adsnote = {Provided by the SAO/NASA Astrophysics Data System},
	Adsurl = {http://adsabs.harvard.edu/abs/2016arXiv160107713T},
	Archiveprefix = {arXiv},
	Author = {{Tordeux}, A. and {Lassarre}, S.},
	Date-Added = {2016-01-29 08:11:52 +0000},
	Date-Modified = {2016-01-29 08:11:52 +0000},
	Eprint = {1601.07713},
	Journal = {ArXiv e-prints},
	Keywords = {Physics - Physics and Society, Nonlinear Sciences - Adaptation and Self-Organizing Systems},
	Month = jan,
	Primaryclass = {physics.soc-ph},
	Title = {{Jam avoidance with autonomous systems}},
	Year = 2016,
	Bdsk-File-1 = {YnBsaXN0MDDUAQIDBAUGJCVYJHZlcnNpb25YJG9iamVjdHNZJGFyY2hpdmVyVCR0b3ASAAGGoKgHCBMUFRYaIVUkbnVsbNMJCgsMDxJXTlMua2V5c1pOUy5vYmplY3RzViRjbGFzc6INDoACgAOiEBGABIAFgAdccmVsYXRpdmVQYXRoWWFsaWFzRGF0YV8QKURvY3MvVHJhZmZpY0phbUx5YXBvdW5vdl8xNjAxLjA3NzEzdjEucGRm0hcLGBlXTlMuZGF0YU8RAkgAAAAAAkgAAgAADE1hY2ludG9zaCBIRAAAAAAAAAAAAAAAAAAAAMpBBgxIKwAAAlXWTB9UcmFmZmljSmFtTHlhcG91bm92IzQwM0VCMDgucGRmAAAAAAAAAAAAAAAAAAAAAAAAAAAAAAAAAAAAAAAAAAAEA+sI0tDdBQAAAAAAAAAAAAEAAwAACSAAAAAAAAAAAAAAAAAAAAAERG9jcwAQAAgAAMpA6ewAAAARAAgAANLQzvUAAAABABwCVdZMAlXWSwJV1koAkMIpAAUCFQAFAhQAAL7sAAIAfk1hY2ludG9zaCBIRDpVc2VyczoASnVzdGU6AERvY3VtZW50czoAQ29tcGxleFN5c3RlbXM6AFRyYW5zcG9ydGF0aW9uRXF1aWxpYnJpdW06AEJpYmxpbzoARG9jczoAVHJhZmZpY0phbUx5YXBvdW5vdiM0MDNFQjA4LnBkZgAOAEoAJABUAHIAYQBmAGYAaQBjAEoAYQBtAEwAeQBhAHAAbwB1AG4AbwB2AF8AMQA2ADAAMQAuADAANwA3ADEAMwB2ADEALgBwAGQAZgAPABoADABNAGEAYwBpAG4AdABvAHMAaAAgAEgARAASAG9Vc2Vycy9KdXN0ZS9Eb2N1bWVudHMvQ29tcGxleFN5c3RlbXMvVHJhbnNwb3J0YXRpb25FcXVpbGlicml1bS9CaWJsaW8vRG9jcy9UcmFmZmljSmFtTHlhcG91bm92XzE2MDEuMDc3MTN2MS5wZGYAABMAAS8AABUAAgAM//8AAIAG0hscHR5aJGNsYXNzbmFtZVgkY2xhc3Nlc11OU011dGFibGVEYXRhox0fIFZOU0RhdGFYTlNPYmplY3TSGxwiI1xOU0RpY3Rpb25hcnmiIiBfEA9OU0tleWVkQXJjaGl2ZXLRJidUcm9vdIABAAgAEQAaACMALQAyADcAQABGAE0AVQBgAGcAagBsAG4AcQBzAHUAdwCEAI4AugC/AMcDEwMVAxoDJQMuAzwDQANHA1ADVQNiA2UDdwN6A38AAAAAAAACAQAAAAAAAAAoAAAAAAAAAAAAAAAAAAADgQ==}}

@inproceedings{zhu2010people,
	Author = {Zhu, Shanjiang and Levinson, David},
	Booktitle = {91th annual meeting of the Transportation Research Board, Washington},
	Date-Added = {2015-10-19 16:37:10 +0000},
	Date-Modified = {2015-10-19 16:37:10 +0000},
	Organization = {Citeseer},
	Title = {Do people use the shortest path? An empirical test of Wardrop's first principle},
	Volume = {8},
	Year = {2010},
	Bdsk-File-1 = {YnBsaXN0MDDUAQIDBAUGJCVYJHZlcnNpb25YJG9iamVjdHNZJGFyY2hpdmVyVCR0b3ASAAGGoKgHCBMUFRYaIVUkbnVsbNMJCgsMDxJXTlMua2V5c1pOUy5vYmplY3RzViRjbGFzc6INDoACgAOiEBGABIAFgAdccmVsYXRpdmVQYXRoWWFsaWFzRGF0YV8QNERvY3MvU2hvcnRlc3RQYXRoQXNzdW1wdGlvbl9qb3VybmFsLnBvbmUuMDEzNDMyMi5wZGbSFwsYGVdOUy5kYXRhTxECaAAAAAACaAACAAAMTWFjaW50b3NoIEhEAAAAAAAAAAAAAAAAAAAAykEGDEgrAAACVdZMH1Nob3J0ZXN0UGF0aEFzc3VtcHQjMzcwMzdFNi5wZGYAAAAAAAAAAAAAAAAAAAAAAAAAAAAAAAAAAAAAAAAAAANwN+bSSuiBAAAAAAAAAAAAAQADAAAJIAAAAAAAAAAAAAAAAAAAAAREb2NzABAACAAAykDp7AAAABEACAAA0krMYQAAAAEAHAJV1kwCVdZLAlXWSgCQwikABQIVAAUCFAAAvuwAAgB+TWFjaW50b3NoIEhEOlVzZXJzOgBKdXN0ZToARG9jdW1lbnRzOgBDb21wbGV4U3lzdGVtczoAVHJhbnNwb3J0YXRpb25FcXVpbGlicml1bToAQmlibGlvOgBEb2NzOgBTaG9ydGVzdFBhdGhBc3N1bXB0IzM3MDM3RTYucGRmAA4AYAAvAFMAaABvAHIAdABlAHMAdABQAGEAdABoAEEAcwBzAHUAbQBwAHQAaQBvAG4AXwBqAG8AdQByAG4AYQBsAC4AcABvAG4AZQAuADAAMQAzADQAMwAyADIALgBwAGQAZgAPABoADABNAGEAYwBpAG4AdABvAHMAaAAgAEgARAASAHpVc2Vycy9KdXN0ZS9Eb2N1bWVudHMvQ29tcGxleFN5c3RlbXMvVHJhbnNwb3J0YXRpb25FcXVpbGlicml1bS9CaWJsaW8vRG9jcy9TaG9ydGVzdFBhdGhBc3N1bXB0aW9uX2pvdXJuYWwucG9uZS4wMTM0MzIyLnBkZgATAAEvAAAVAAIADP//AACABtIbHB0eWiRjbGFzc25hbWVYJGNsYXNzZXNdTlNNdXRhYmxlRGF0YaMdHyBWTlNEYXRhWE5TT2JqZWN00hscIiNcTlNEaWN0aW9uYXJ5oiIgXxAPTlNLZXllZEFyY2hpdmVy0SYnVHJvb3SAAQAIABEAGgAjAC0AMgA3AEAARgBNAFUAYABnAGoAbABuAHEAcwB1AHcAhACOAMUAygDSAz4DQANFA1ADWQNnA2sDcgN7A4ADjQOQA6IDpQOqAAAAAAAAAgEAAAAAAAAAKAAAAAAAAAAAAAAAAAAAA6w=}}

@article{hunt2015defining,
	Author = {Hunt, Brian R. and Ott, Edward},
	Date-Added = {2015-08-05 09:04:39 +0000},
	Date-Modified = {2015-08-05 09:05:40 +0000},
	Doi = {http://dx.doi.org/10.1063/1.4922973},
	Eid = 097618,
	Journal = {Chaos},
	Number = {9},
	Pages = {-},
	Title = {Defining chaos},
	Url = {http://scitation.aip.org/content/aip/journal/chaos/25/9/10.1063/1.4922973},
	Volume = {25},
	Year = {2015},
	Bdsk-Url-1 = {http://scitation.aip.org/content/aip/journal/chaos/25/9/10.1063/1.4922973},
	Bdsk-Url-2 = {http://dx.doi.org/10.1063/1.4922973}}

@article{Hiribarren201419,
	Abstract = {Abstract New technologies able to register vehicle trajectories, such as \{GPS\} (Global Position Systems)-enabled cell phones, have opened a new way of collecting traffic data. However, good methods that convert these data into useful information are needed to leverage these data. In this study a new method to estimate traffic states on arterials based on trajectory data is presented and assessed. The method is based on the Lighthill--Whitham--Richards (LWR) theory. By using this theory, traffic dynamics on arterials can be better captured by extracting more information from the same piece of data. Trajectory data used consist of the trajectory of the latest equipped vehicle that crossed the segment under study. Preliminary analysis based on micro-simulation suggests that this method yields good traffic state estimates both at congested and uncongested situations, even for very low penetration rates (1%). The method is also able to forecast queue length at intersections and travel times along a road section. },
	Author = {Gabriel Hiribarren and Juan Carlos Herrera},
	Date-Added = {2015-05-22 10:49:54 +0000},
	Date-Modified = {2015-05-22 10:49:54 +0000},
	Doi = {http://dx.doi.org/10.1016/j.trb.2014.07.003},
	Issn = {0191-2615},
	Journal = {Transportation Research Part B: Methodological},
	Keywords = {Arterial roads},
	Number = {0},
	Pages = {19 - 30},
	Title = {Real time traffic states estimation on arterials based on trajectory data},
	Url = {http://www.sciencedirect.com/science/article/pii/S019126151400126X},
	Volume = {69},
	Year = {2014},
	Bdsk-File-1 = {YnBsaXN0MDDUAQIDBAUGJCVYJHZlcnNpb25YJG9iamVjdHNZJGFyY2hpdmVyVCR0b3ASAAGGoKgHCBMUFRYaIVUkbnVsbNMJCgsMDxJXTlMua2V5c1pOUy5vYmplY3RzViRjbGFzc6INDoACgAOiEBGABIAFgAdccmVsYXRpdmVQYXRoWWFsaWFzRGF0YV8QQERvY3MvUmVhbFRpbWVUcmFmZmljRXN0aW1hdGlvbl8xLXMyLjAtUzAxOTEyNjE1MTQwMDEyNlgtbWFpbi5wZGbSFwsYGVdOUy5kYXRhTxECjAAAAAACjAACAAAMTWFjaW50b3NoIEhEAAAAAAAAAAAAAAAAAAAAykEGDEgrAAACVdZMH1JlYWxUaW1lVHJhZmZpY0VzdGkjMjc2MTNDOS5wZGYAAAAAAAAAAAAAAAAAAAAAAAAAAAAAAAAAAAAAAAAAAAJ2E8nRhNY3AAAAAAAAAAAAAQADAAAJIAAAAAAAAAAAAAAAAAAAAAREb2NzABAACAAAykDp7AAAABEACAAA0YS6FwAAAAEAHAJV1kwCVdZLAlXWSgCQwikABQIVAAUCFAAAvuwAAgB+TWFjaW50b3NoIEhEOlVzZXJzOgBKdXN0ZToARG9jdW1lbnRzOgBDb21wbGV4U3lzdGVtczoAVHJhbnNwb3J0YXRpb25FcXVpbGlicml1bToAQmlibGlvOgBEb2NzOgBSZWFsVGltZVRyYWZmaWNFc3RpIzI3NjEzQzkucGRmAA4AeAA7AFIAZQBhAGwAVABpAG0AZQBUAHIAYQBmAGYAaQBjAEUAcwB0AGkAbQBhAHQAaQBvAG4AXwAxAC0AcwAyAC4AMAAtAFMAMAAxADkAMQAyADYAMQA1ADEANAAwADAAMQAyADYAWAAtAG0AYQBpAG4ALgBwAGQAZgAPABoADABNAGEAYwBpAG4AdABvAHMAaAAgAEgARAASAIZVc2Vycy9KdXN0ZS9Eb2N1bWVudHMvQ29tcGxleFN5c3RlbXMvVHJhbnNwb3J0YXRpb25FcXVpbGlicml1bS9CaWJsaW8vRG9jcy9SZWFsVGltZVRyYWZmaWNFc3RpbWF0aW9uXzEtczIuMC1TMDE5MTI2MTUxNDAwMTI2WC1tYWluLnBkZgATAAEvAAAVAAIADP//AACABtIbHB0eWiRjbGFzc25hbWVYJGNsYXNzZXNdTlNNdXRhYmxlRGF0YaMdHyBWTlNEYXRhWE5TT2JqZWN00hscIiNcTlNEaWN0aW9uYXJ5oiIgXxAPTlNLZXllZEFyY2hpdmVy0SYnVHJvb3SAAQAIABEAGgAjAC0AMgA3AEAARgBNAFUAYABnAGoAbABuAHEAcwB1AHcAhACOANEA1gDeA24DcAN1A4ADiQOXA5sDogOrA7ADvQPAA9ID1QPaAAAAAAAAAgEAAAAAAAAAKAAAAAAAAAAAAAAAAAAAA9w=},
	Bdsk-Url-1 = {http://www.sciencedirect.com/science/article/pii/S019126151400126X},
	Bdsk-Url-2 = {http://dx.doi.org/10.1016/j.trb.2014.07.003}}

@article{bouteiller2013open,
	Author = {Bouteiller, Catherine and Berjoan, Sybille},
	Date-Added = {2015-04-27 13:27:51 +0000},
	Date-Modified = {2015-04-27 13:27:51 +0000},
	Title = {OPEN DATA EN TRANSPORT URBAIN: QUELLES SONT LES DONNEES MISES A DISPOSITION? QUELS SONT LES STRATEGIES DES AUTORITES ORGANISATRICES?},
	Year = {2013},
	Bdsk-File-1 = {YnBsaXN0MDDUAQIDBAUGJCVYJHZlcnNpb25YJG9iamVjdHNZJGFyY2hpdmVyVCR0b3ASAAGGoKgHCBMUFRYaIVUkbnVsbNMJCgsMDxJXTlMua2V5c1pOUy5vYmplY3RzViRjbGFzc6INDoACgAOiEBGABIAFgAdccmVsYXRpdmVQYXRoWWFsaWFzRGF0YV8QRURvY3MvQVJUSUNMRV9PcGVuX2RhdGFfZXRfbW9iaWxpdEFfc3RyYXRBX2dpZV9kX2FjdGV1cnNfVjJfanVpbjEzLnBkZtIXCxgZV05TLmRhdGFPEQKcAAAAAAKcAAIAAAxNYWNpbnRvc2ggSEQAAAAAAAAAAAAAAAAAAADKQQYMSCsAAAJV1kwfQVJUSUNMRV9PcGVuX2RhdGFfZSMyNjhFRjg3LnBkZgAAAAAAAAAAAAAAAAAAAAAAAAAAAAAAAAAAAAAAAAAAAmjvh9FkBYUAAAAAAAAAAAABAAMAAAkgAAAAAAAAAAAAAAAAAAAABERvY3MAEAAIAADKQOnsAAAAEQAIAADRY+llAAAAAQAcAlXWTAJV1ksCVdZKAJDCKQAFAhUABQIUAAC+7AACAH5NYWNpbnRvc2ggSEQ6VXNlcnM6AEp1c3RlOgBEb2N1bWVudHM6AENvbXBsZXhTeXN0ZW1zOgBUcmFuc3BvcnRhdGlvbkVxdWlsaWJyaXVtOgBCaWJsaW86AERvY3M6AEFSVElDTEVfT3Blbl9kYXRhX2UjMjY4RUY4Ny5wZGYADgCCAEAAQQBSAFQASQBDAEwARQBfAE8AcABlAG4AXwBkAGEAdABhAF8AZQB0AF8AbQBvAGIAaQBsAGkAdABBAF8AcwB0AHIAYQB0AEEAXwBnAGkAZQBfAGQAXwBhAGMAdABlAHUAcgBzAF8AVgAyAF8AagB1AGkAbgAxADMALgBwAGQAZgAPABoADABNAGEAYwBpAG4AdABvAHMAaAAgAEgARAASAItVc2Vycy9KdXN0ZS9Eb2N1bWVudHMvQ29tcGxleFN5c3RlbXMvVHJhbnNwb3J0YXRpb25FcXVpbGlicml1bS9CaWJsaW8vRG9jcy9BUlRJQ0xFX09wZW5fZGF0YV9ldF9tb2JpbGl0QV9zdHJhdEFfZ2llX2RfYWN0ZXVyc19WMl9qdWluMTMucGRmAAATAAEvAAAVAAIADP//AACABtIbHB0eWiRjbGFzc25hbWVYJGNsYXNzZXNdTlNNdXRhYmxlRGF0YaMdHyBWTlNEYXRhWE5TT2JqZWN00hscIiNcTlNEaWN0aW9uYXJ5oiIgXxAPTlNLZXllZEFyY2hpdmVy0SYnVHJvb3SAAQAIABEAGgAjAC0AMgA3AEAARgBNAFUAYABnAGoAbABuAHEAcwB1AHcAhACOANYA2wDjA4MDhQOKA5UDngOsA7ADtwPAA8UD0gPVA+cD6gPvAAAAAAAAAgEAAAAAAAAAKAAAAAAAAAAAAAAAAAAAA/E=}}

@article{10.1371/journal.pone.0089980,
	Abstract = {<p>Social systems have recently attracted much attention, with attempts to understand social behavior with the aid of statistical mechanics applied to complex systems. Collective properties of such systems emerge from couplings between components, for example, individual persons, transportation nodes such as airports or subway stations, and administrative districts. Among various collective properties, criticality is known as a characteristic property of a complex system, which helps the systems to respond flexibly to external perturbations. This work considers the criticality of the urban transportation system entailed in the massive smart card data on the Seoul transportation network. Analyzing the passenger flow on the Seoul bus system during one week, we find explicit power-law correlations in the system, that is, power-law behavior of the strength correlation function of bus stops and verify scale invariance of the strength fluctuations. Such criticality is probed by means of the scaling and renormalization analysis of the modified gravity model applied to the system. Here a group of nearby (bare) bus stops are transformed into a (renormalized) ``block stop'' and the scaling relations of the network density turn out to be closely related to the fractal dimensions of the system, revealing the underlying structure. Specifically, the resulting renormalized values of the gravity exponent and of the Hill coefficient give a good description of the Seoul bus system: The former measures the characteristic dimensionality of the network whereas the latter reflects the coupling between distinct transportation modes. It is thus demonstrated that such ideas of physics as scaling and renormalization can be applied successfully to social phenomena exemplified by the passenger flow.</p>},
	Author = {Goh, Segun AND Lee, Keumsook AND Choi, MooYoung AND Fortin, Jean-Yves},
	Date-Added = {2015-04-22 10:13:08 +0000},
	Date-Modified = {2015-04-22 10:13:08 +0000},
	Doi = {10.1371/journal.pone.0089980},
	Journal = {PLoS ONE},
	Month = {03},
	Number = {3},
	Pages = {e89980},
	Publisher = {Public Library of Science},
	Title = {Emergence of Criticality in the Transportation Passenger Flow: Scaling and Renormalization in the Seoul Bus System},
	Url = {http://dx.doi.org/10.1371%2Fjournal.pone.0089980},
	Volume = {9},
	Year = {2014},
	Bdsk-File-1 = {YnBsaXN0MDDUAQIDBAUGJCVYJHZlcnNpb25YJG9iamVjdHNZJGFyY2hpdmVyVCR0b3ASAAGGoKgHCBMUFRYaIVUkbnVsbNMJCgsMDxJXTlMua2V5c1pOUy5vYmplY3RzViRjbGFzc6INDoACgAOiEBGABIAFgAdccmVsYXRpdmVQYXRoWWFsaWFzRGF0YV8QMERvY3MvQ3JpdGljYWxpdHlTY2FsaW5nX2pvdXJuYWwucG9uZS4wMDg5OTgwLnBkZtIXCxgZV05TLmRhdGFPEQJcAAAAAAJcAAIAAAxNYWNpbnRvc2ggSEQAAAAAAAAAAAAAAAAAAADKQQYMSCsAAAJV1kwfQ3JpdGljYWxpdHlTY2FsaW5nXyMyNjVEMjY5LnBkZgAAAAAAAAAAAAAAAAAAAAAAAAAAAAAAAAAAAAAAAAAAAmXSadFdQI0AAAAAAAAAAAABAAMAAAkgAAAAAAAAAAAAAAAAAAAABERvY3MAEAAIAADKQOnsAAAAEQAIAADRXSRtAAAAAQAcAlXWTAJV1ksCVdZKAJDCKQAFAhUABQIUAAC+7AACAH5NYWNpbnRvc2ggSEQ6VXNlcnM6AEp1c3RlOgBEb2N1bWVudHM6AENvbXBsZXhTeXN0ZW1zOgBUcmFuc3BvcnRhdGlvbkVxdWlsaWJyaXVtOgBCaWJsaW86AERvY3M6AENyaXRpY2FsaXR5U2NhbGluZ18jMjY1RDI2OS5wZGYADgBYACsAQwByAGkAdABpAGMAYQBsAGkAdAB5AFMAYwBhAGwAaQBuAGcAXwBqAG8AdQByAG4AYQBsAC4AcABvAG4AZQAuADAAMAA4ADkAOQA4ADAALgBwAGQAZgAPABoADABNAGEAYwBpAG4AdABvAHMAaAAgAEgARAASAHZVc2Vycy9KdXN0ZS9Eb2N1bWVudHMvQ29tcGxleFN5c3RlbXMvVHJhbnNwb3J0YXRpb25FcXVpbGlicml1bS9CaWJsaW8vRG9jcy9Dcml0aWNhbGl0eVNjYWxpbmdfam91cm5hbC5wb25lLjAwODk5ODAucGRmABMAAS8AABUAAgAM//8AAIAG0hscHR5aJGNsYXNzbmFtZVgkY2xhc3Nlc11OU011dGFibGVEYXRhox0fIFZOU0RhdGFYTlNPYmplY3TSGxwiI1xOU0RpY3Rpb25hcnmiIiBfEA9OU0tleWVkQXJjaGl2ZXLRJidUcm9vdIABAAgAEQAaACMALQAyADcAQABGAE0AVQBgAGcAagBsAG4AcQBzAHUAdwCEAI4AwQDGAM4DLgMwAzUDQANJA1cDWwNiA2sDcAN9A4ADkgOVA5oAAAAAAAACAQAAAAAAAAAoAAAAAAAAAAAAAAAAAAADnA==},
	Bdsk-Url-1 = {http://dx.doi.org/10.1371%2Fjournal.pone.0089980},
	Bdsk-Url-2 = {http://dx.doi.org/10.1371/journal.pone.0089980}}

@article{goldhirsch1987stability,
	Author = {Goldhirsch, Isaac and Sulem, Pierre-Louis and Orszag, Steven A},
	Date-Added = {2015-04-22 09:44:49 +0000},
	Date-Modified = {2015-04-22 09:44:49 +0000},
	Journal = {Physica D: Nonlinear Phenomena},
	Number = {3},
	Pages = {311--337},
	Publisher = {Elsevier},
	Title = {Stability and Lyapunov stability of dynamical systems: A differential approach and a numerical method},
	Volume = {27},
	Year = {1987},
	Bdsk-File-1 = {YnBsaXN0MDDUAQIDBAUGJCVYJHZlcnNpb25YJG9iamVjdHNZJGFyY2hpdmVyVCR0b3ASAAGGoKgHCBMUFRYaIVUkbnVsbNMJCgsMDxJXTlMua2V5c1pOUy5vYmplY3RzViRjbGFzc6INDoACgAOiEBGABIAFgAdccmVsYXRpdmVQYXRoWWFsaWFzRGF0YV8QM0RvY3MvTHlhcG91bm92Q29udl8xLXMyLjAtMDE2NzI3ODk4NzkwMDM0MC1tYWluLnBkZtIXCxgZV05TLmRhdGFPEQJmAAAAAAJmAAIAAAxNYWNpbnRvc2ggSEQAAAAAAAAAAAAAAAAAAADKQQYMSCsAAAJV1kwfTHlhcG91bm92Q29udl8xLXMyLiMyNTVENjExLnBkZgAAAAAAAAAAAAAAAAAAAAAAAAAAAAAAAAAAAAAAAAAAAlXWEdE4tiYAAAAAAAAAAAABAAMAAAkgAAAAAAAAAAAAAAAAAAAABERvY3MAEAAIAADKQOnsAAAAEQAIAADROKgWAAAAAQAcAlXWTAJV1ksCVdZKAJDCKQAFAhUABQIUAAC+7AACAH5NYWNpbnRvc2ggSEQ6VXNlcnM6AEp1c3RlOgBEb2N1bWVudHM6AENvbXBsZXhTeXN0ZW1zOgBUcmFuc3BvcnRhdGlvbkVxdWlsaWJyaXVtOgBCaWJsaW86AERvY3M6AEx5YXBvdW5vdkNvbnZfMS1zMi4jMjU1RDYxMS5wZGYADgBeAC4ATAB5AGEAcABvAHUAbgBvAHYAQwBvAG4AdgBfADEALQBzADIALgAwAC0AMAAxADYANwAyADcAOAA5ADgANwA5ADAAMAAzADQAMAAtAG0AYQBpAG4ALgBwAGQAZgAPABoADABNAGEAYwBpAG4AdABvAHMAaAAgAEgARAASAHlVc2Vycy9KdXN0ZS9Eb2N1bWVudHMvQ29tcGxleFN5c3RlbXMvVHJhbnNwb3J0YXRpb25FcXVpbGlicml1bS9CaWJsaW8vRG9jcy9MeWFwb3Vub3ZDb252XzEtczIuMC0wMTY3Mjc4OTg3OTAwMzQwLW1haW4ucGRmAAATAAEvAAAVAAIADP//AACABtIbHB0eWiRjbGFzc25hbWVYJGNsYXNzZXNdTlNNdXRhYmxlRGF0YaMdHyBWTlNEYXRhWE5TT2JqZWN00hscIiNcTlNEaWN0aW9uYXJ5oiIgXxAPTlNLZXllZEFyY2hpdmVy0SYnVHJvb3SAAQAIABEAGgAjAC0AMgA3AEAARgBNAFUAYABnAGoAbABuAHEAcwB1AHcAhACOAMQAyQDRAzsDPQNCA00DVgNkA2gDbwN4A30DigONA58DogOnAAAAAAAAAgEAAAAAAAAAKAAAAAAAAAAAAAAAAAAAA6k=}}

@article{lee2011master,
	Author = {Lee, Keumsook and Goh, Segun and Park, Jong Soo and Jung, Woo-Sung and Choi, MY},
	Date-Added = {2015-04-22 09:43:09 +0000},
	Date-Modified = {2015-04-22 09:43:09 +0000},
	Journal = {Journal of Physics A: Mathematical and Theoretical},
	Number = {11},
	Pages = {115007},
	Publisher = {IOP Publishing},
	Title = {Master equation approach to the intra-urban passenger flow and application to the Metropolitan Seoul Subway system},
	Volume = {44},
	Year = {2011},
	Bdsk-File-1 = {YnBsaXN0MDDUAQIDBAUGJCVYJHZlcnNpb25YJG9iamVjdHNZJGFyY2hpdmVyVCR0b3ASAAGGoKgHCBMUFRYaIVUkbnVsbNMJCgsMDxJXTlMua2V5c1pOUy5vYmplY3RzViRjbGFzc6INDoACgAOiEBGABIAFgAdccmVsYXRpdmVQYXRoWWFsaWFzRGF0YV8QLkRvY3MvTWFzdGVyRXF1YXRpb25fMTc1MS04MTIxXzQ0XzExXzExNTAwNy5wZGbSFwsYGVdOUy5kYXRhTxECVgAAAAACVgACAAAMTWFjaW50b3NoIEhEAAAAAAAAAAAAAAAAAAAAykEGDEgrAAACVdZMH01hc3RlckVxdWF0aW9uXzE3NTEjMjY1QzRGQy5wZGYAAAAAAAAAAAAAAAAAAAAAAAAAAAAAAAAAAAAAAAAAAAJlxPzRXTmeAAAAAAAAAAAAAQADAAAJIAAAAAAAAAAAAAAAAAAAAAREb2NzABAACAAAykDp7AAAABEACAAA0V0dfgAAAAEAHAJV1kwCVdZLAlXWSgCQwikABQIVAAUCFAAAvuwAAgB+TWFjaW50b3NoIEhEOlVzZXJzOgBKdXN0ZToARG9jdW1lbnRzOgBDb21wbGV4U3lzdGVtczoAVHJhbnNwb3J0YXRpb25FcXVpbGlicml1bToAQmlibGlvOgBEb2NzOgBNYXN0ZXJFcXVhdGlvbl8xNzUxIzI2NUM0RkMucGRmAA4AVAApAE0AYQBzAHQAZQByAEUAcQB1AGEAdABpAG8AbgBfADEANwA1ADEALQA4ADEAMgAxAF8ANAA0AF8AMQAxAF8AMQAxADUAMAAwADcALgBwAGQAZgAPABoADABNAGEAYwBpAG4AdABvAHMAaAAgAEgARAASAHRVc2Vycy9KdXN0ZS9Eb2N1bWVudHMvQ29tcGxleFN5c3RlbXMvVHJhbnNwb3J0YXRpb25FcXVpbGlicml1bS9CaWJsaW8vRG9jcy9NYXN0ZXJFcXVhdGlvbl8xNzUxLTgxMjFfNDRfMTFfMTE1MDA3LnBkZgATAAEvAAAVAAIADP//AACABtIbHB0eWiRjbGFzc25hbWVYJGNsYXNzZXNdTlNNdXRhYmxlRGF0YaMdHyBWTlNEYXRhWE5TT2JqZWN00hscIiNcTlNEaWN0aW9uYXJ5oiIgXxAPTlNLZXllZEFyY2hpdmVy0SYnVHJvb3SAAQAIABEAGgAjAC0AMgA3AEAARgBNAFUAYABnAGoAbABuAHEAcwB1AHcAhACOAL8AxADMAyYDKAMtAzgDQQNPA1MDWgNjA2gDdQN4A4oDjQOSAAAAAAAAAgEAAAAAAAAAKAAAAAAAAAAAAAAAAAAAA5Q=}}
